@comment{x-kbibtex-encoding=utf-8}

@comment{x-kbibtex-personnameformatting=<%l><, %f>}

@inproceedings{josan:05,
	added-at = {2005-04-18T00:00:00.000+0200},
	author = {Jøsang, Audun and Fabre, John and Hay, Brian and Dalziel, James and Pope, Simon},
	booktitle = {{ACSW Frontiers}},
	date = {2005-04-18},
	interhash = {44d8a3cd309a25cecb82762d201db5df},
	intrahash = {51946c951612ab5bdad6acb268a9e522},
	isbn = {1-920682-26-0},
	pages = {99–108},
	publisher = {Australian Computer Society},
	series = {{CRPIT}},
	title = {{Trust Requirements in Identity Management.}},
	url = {http://www.bibsonomy.org/bibtex/251946c951612ab5bdad6acb268a9e522/dblp},
	volume = 44,
	x-fetchedfrom = {Bibsonomy},
	year = 2005
}

@article{camargo:07,
	address = {Belém},
	author = {Camargo, E. T. and Fraga, J. S. and Wangham, M. S. and Mello, E. R.},
	booktitle = {{Anáis do Simpósio de Redes de Computadores e Sistemas Distribuidos}},
	journal = {Anais do Simpósio Brasileiro de Redes de Computadores},
	publisher = {Sociedade Brasileira de Computação},
	title = {{Autenticação e Autorização em Arquiteturas Orientadas a Serviço através de Identidades Federadas}},
	year = {2007}
}

@article{cao:10,
	author = {Cao, Y. and Yang, L.},
	journal = {International Conference of Information Theory and Information Security (ICITIS)},
	publisher = {IEEE},
	title = {{A Survey of Identity Management Technology}},
	year = {2010}
}

@techreport{scavo:05,
	author = {Scavo, T. and Cantor, S.},
	institution = {Internet2},
	title = {{Shibboleth Architecture}},
	url = {http://shibboleth.internet2.edu/docs/draft-mace-shibboleth-tech-overview-latest.pdf},
	year = {2005}
}

@techreport{carmody:05,
	author = {Carmody, S. and Erdos, M. and Hazelton, K. and Hoehm, W. and Morgan, B. and Scavo, T. and Wasley, D.},
	institution = {Incommon},
	title = {{Incommon Technical Requirements and Information}},
	year = {2005}
}

@book{ferreira:86,
	address = {Rio de Janeiro},
	author = {Ferreira, A. B. de H.},
	edition = {2a ed.},
	publisher = {Nova Fronteira},
	title = {{Novo Dicionário da Língua Portuguesa}},
	year = {1986}
}

@inproceedings{feliciano:11,
	address = {Brasília},
	author = {Feliciano, G. and Agostinho, L. and Guimarães, E. and Cardozo, E.},
	booktitle = {{Minicursos do XI Simpósio Brasileiro de Redes de Computadores e Sistemas Distribuidos}},
	location = {DF},
	pages = {182–231},
	publisher = {Sociedade Brasileira de Computação},
	title = {{Gerência de Identidades Federadas em Nuvens: Enfoque na Utilização de Soluções Abertas}},
	year = {2011}
}

@techreport{internet2:08,
	author = {Internet2},
	institution = {Internet2},
	title = {{Middleware Architecture Committee for Education (MACE) - Internet2-mace-dir-eduperson-200806}},
	year = {2008}
}

@mastersthesis{junior:09,
	author = {Junior, C. H. F. G.},
	school = {Faculdade Salesiana Maria Auxiliadora},
	title = {{Gerenciamento de Identidade (GERI)}},
	year = {2009}
}

@article{kallela:08,
	author = {Kallela, J.},
	journal = {Seminar on Internetworking},
	title = {{Federated Identity Management Solutions}},
	volume = {TKK T-110.5190},
	year = {2008}
}

@techreport{itut:09,
	author = {ITU-T},
	institution = {ITU-T},
	publisher = {ITU-T},
	title = {{NGN Identity Management Framework - Recommendation Y.2720}},
	year = {2009}
}

@misc{manuel:09,
	author = {Manuel, E. and Seabra, M.},
	institution = {Universidade de Aveiro},
	organization = {Departamento de Eletrónica, Telecomunicações e Informática},
	school = {Universidade de Aveiro},
	title = {{Gestão de Identidades e Privacidade em Redes de Próxima Geração}},
	year = {2009}
}

@article{mello:09,
	author = {Mello, E. R. and Fraga, J. S. and Wangham, M. S.},
	journal = {XXVII - Simpósio Brasileiro de Redes de Computaods},
	title = {{Uso de um Modelo de Confiança para Composição de Serviços Web}},
	year = {2009}
}

@inproceedings{moreira:11,
	address = {Rio de Janeiro},
	author = {Moreira, E. Q. and Foscarini, É. D. and Junio, G. C. S. and Alixandrina, L. A. O. and Neto, L. P. V. and Rosseto, S.},
	booktitle = {{Federação CAFe: Implantação do Provedor de Identidade}},
	publisher = {RNP},
	school = {Escola Superior de Redes},
	title = {{Federação CAFe: Implantação do Provedor de Identidade}},
	year = {2011}
}

@techreport{oasis:08,
	author = {OASIS},
	edition = {v.2},
	institution = {OASIS},
	month = mar,
	number = {Technical Overview},
	title = {{Security Assertion Markup Language (SAML)}},
	year = {2008}
}

@misc{rnp:13,
	author = {RNP},
	month = feb,
	note = {Acessado em Maio de 2014},
	publisher = {Rede Nacional de Ensino e Pesquisa - RNP},
	title = {{Rede Nacional de Ensino e Pesquisa - CAFe - Comunidade Acadêmica Federada}},
	url = {http://portal.rnp.b/web/servicos/cafe},
	year = {2009}
}

@techreport{shibb:05,
	author = {Shibboleth},
	institution = {Internet2},
	title = {{Shibboleth Architecture}},
	url = {http://shibboleth.internet2.edu/docs/draft-mace-shibboleth-tech-overview-latest.pdf},
	year = {2005}
}

@inproceedings{wangham:10b,
	author = {Wangham, M. S. and Mello, E. R. and Böger, D. S. and Guerios, M. and Fraga, J. S.},
	booktitle = {{Minicursos do Simpósio Brasileiro em Segurança da Informação e Sistemas Computacionais}},
	edition = {v.1},
	editor = {Barreto, Luciano Porto},
	location = {Porto Alegre},
	pages = {3–52},
	publisher = {Sociedade Brasileira de Computação},
	title = {{Gerenciamento de Identidades Federadas}},
	year = {2010}
}

@inbook{wangham:10a,
	author = {Wangham, M. S. and Mello, E. R. and Böger, D. S. and Fraga, J. S. and Guerios, M.},
	booktitle = {{X Simpósio Brasileiro em Segurança da Informação e de Sistemas Computacionais}},
	edition = {SBSeg 2010},
	location = {Fortaleza},
	pages = {360–447},
	publisher = {Sociedade Brasileira de Computação},
	title = {{Uma Infraestrutura para Tradução de Credenciais de Autenticação para Federações Shibboleth}},
	year = {2010}
}

@article{wangham:13,
	author = {Wangham, M. S. and Mello, E. R. and Souza, M. C. and Coelho, H.},
	journal = {Anais XIII Simpósio Brasileiro em Segurança da Informação e de Sistemas Computacionais},
	location = {Porto Alegre},
	pages = {481–486},
	publisher = {Sociedade Brasileira de Computação},
	title = {{GIdLab: Laboratório de Experimentação em Gestão de Identidades}},
	year = {2013}
}

@article{bhargav:07,
	author = {Bhargav-Spantzel, A. and Camenisch, J. and Gross, T. and Sommer, D.},
	journal = {Journal of Computer Security},
	pages = {493–527},
	title = {{User Centric: A Taxonomy and Open Issues }},
	year = {2007}
}

@inproceedings{damiani:03,
	author = {Damiani, E. and di Vimercati, S. D. C. and Samarati, P.},
	booktitle = {{Managing Multiple and Dependable Identities}},
	journal = {IEEE Internet Computing},
	pages = {29–37},
	publisher = {IEEE},
	title = {{Managing Multiple and Dependable Identities}},
	year = {2003}
}

@article{pope:05,
	author = {Jøsang, A. and Pope, S.},
	journal = {{AusCERT Asia Pacific Information Technology Security Conference}},
	title = {{User Centric Identity Management}},
	year = {2005}
}

@article{maliki:07,
	author = {Maliki, T. E. and Seigneur, J. M.},
	journal = {Proceedings of the International Conference on Emerging Security Information, Systems and Technology},
	location = {Washington, DC, USA},
	title = {{A Survey of User-Centric Identity Management Technologies}},
	year = {2007}
}

@techreport{suess:09,
	author = {Suess, J. and Morooney, K.},
	title = {{Identity Management and Trust Services: Foundations for Cloud Computing}},
	url = {http://www.educause.edu/node/179404},
	year = {2009}
}

@inbook{camenisch:07,
	author = {Camenisch, J. and Pfitzmann, B.},
	chapter = {Federated Identity Management},
	pages = {213–238},
	publisher = {Springer Verlag},
	title = {{Security, Privacy, and Trust in Modern Data Management}},
	year = {2007}
}

@article{chadwick:09,
	author = {Chadwick, D.},
	journal = {Foundations of Security Analysis and Design V},
	pages = {96–120},
	title = {{Federated Identity Management Solutions}},
	year = {2009}
}

@mastersthesis{macaneiro:13,
	author = {Maçaneiro, M.},
	school = {Universidade do Valeo do Itajaí},
	title = {{Um Mecanismo Agregador de Atributos Mediado pelo Cliente Alinhado ao Programa de EGov.BR}},
	year = {2013}
}

@article{wangham:12,
	address = {Porto Alegre},
	author = {Wangham, M. S. and Mello, E. R. and Böger, D. S. and Fraga, J. S. and Guerios, M.},
	booktitle = {{WGID - XII Simpósio em Segurança da Informação e de Sistemas Computacionais}},
	location = {Curitiba},
	organization = {Workshop de Gestão de Identidades Digitais - WGID},
	pages = {555–574},
	publisher = {Sociedade Brasileira de Computação},
	title = {{Geração de Certificados Digitais a partir da Autenticação Federada Shibboleth. In: Workshop de Gestão de Identidades Digitais}},
	year = {2012}
}

@techreport{smith:00,
	abstract = {While the X.500 standards define many useful attribute types [X520] and object classes [X521], they do not define a person object class that meets the requirements found in today's Internet and Intranet directory service deployments. We define a new object class called inetOrgPerson for use in LDAP and X.500 directory services that extends the X.521 standard organizationalPerson class to meet these needs.},
	author = {Smith, M.},
	title = {{Definition of the inetOrgPerson LDAP Object Class - RFC 2798 (Updated by RFCs 3698, 4519, 4524)}},
	url = {https://www.ietf.org/rfc/rfc2798.txt},
	year = {2000}
}

@techreport{wahl:97,
	abstract = {This document provides an overview of the attribute types and object classes defined by the ISO and ITU-T committees in the X.500 documents, in particular those intended for use by directory clients. This is the most widely used schema for LDAP/X.500 directories, and many other schema definitions for white pages objects use it as a basis. This document does not cover attributes used for the administration of X.500 directory servers, nor does it include attributes defined by other ISO/ITU-T documents.},
	author = {Wahl, M.},
	key = {Standards track},
	month = dec,
	organization = {Network Working Group},
	publisher = {The Internet Society},
	title = {{A Summary of the X.500(96) User Schema for use with LDAPv3 - RFC 2256}},
	type = {Request For Comments},
	year = {1997}
}

@article{New1
}

@techreport{terena:09,
	author = {TERENA, {(Trans-European Research and Education Networking)}},
	title = {{SCHAC (SCHema for ACademia) – attribute definitions for individual data.}},
	url = {http://www.terena.org/activities/tf-emc2/schacreleases.html},
	year = {2009}
}

@techreport{rnp:09,
	author = {RNP},
	title = {{Federação CAFe - Esquema brEduPerson - versão 1.0}},
	url = {http://wiki.rnp.br/download/attachments/41190038/BrEduPersonv1},
	year = {2009}
}

